@Article{Vermaseren:1994je,
    author    = "Vermaseren, J. A. M.",
    title     = "{Axodraw}",
    journal   = "Comput. Phys. Commun.",
    volume    = "83",
    year      = "1994",
    pages     = "45--58",
    doi       = "10.1016/0010-4655(94)90034-5",
    SLACcitation  = "%%CITATION = CPHCB,83,45;%%"
}

@Article{Mastrolia:2010nb,
  author    = "Mastrolia, P. and Ossola, G. and Reiter, T. and Tramontano, F.",
  title     = "{Scattering AMplitudes from Unitarity-based Reduction
                Algorithm at the Integrand-level}",
  journal   = "JHEP",
  volume    = "08",
  year      = "2010",
  pages     = "080",
  eprint    = "1006.0710",
  archivePrefix = "arXiv",
  primaryClass  =  "hep-ph",
  doi       = "10.1007/JHEP08(2010)080",
  SLACcitation  = "%%CITATION = 1006.0710;%%"
}

@Article{Vermaseren:2000nd,
  author    = "Vermaseren, J. A. M.",
  title     = "{New features of FORM}",
  year      = "2000",
  eprint    = "math-ph/0010025",
  archivePrefix = "arXiv",
  SLACcitation  = "%%CITATION = MATH-PH/0010025;%%"
}

@Article{Nogueira:1991ex,
    author    = "Nogueira, Paulo",
    title     = "{Automatic Feynman graph generation}",
    journal   = "J. Comput. Phys.",
    volume    = "105",
    year      = "1993",
    pages     = "279-289",
    doi       = "10.1006/jcph.1993.1074",
    SLACcitation  = "%%CITATION = JCTPA,105,279;%%"
}

@Article{Christensen:2008py,
   author    = "Christensen, Neil D. and Duhr, Claude",
   title     = "{FeynRules - Feynman rules made easy}",
   journal   = "Comput. Phys. Commun.",
   volume    = "180",
   year      = "2009",
   pages     = "1614-1641",
   eprint    = "0806.4194",
   archivePrefix = "arXiv",
   primaryClass  =  "hep-ph",
   doi       = "10.1016/j.cpc.2009.02.018",
   SLACcitation  = "%%CITATION = 0806.4194;%%"
}

@techreport{Malcolm:1970,
  author = {Malcolm, Michael A.},
  title = {An algorithm for floating-point accumulation of sums
	   with small relative error},
  year = {1970},
  publisher = {Stanford University},
  institution = {Stanford University},
  address = {Stanford, CA, USA},
}

@article{Heinrich:2010ax,
  author         = "Heinrich, G. and Ossola, G. and Reiter, T. and
                    Tramontano, F.",
  title          = "{Tensorial Reconstruction at the Integrand Level}",
  journal        = "JHEP",
  volume         = "1010",
  pages          = "105",
  doi            = "10.1007/JHEP10(2010)105",
  year           = "2010",
  eprint         = "1008.2441",
  archivePrefix  = "arXiv",
  primaryClass   = "hep-ph",
}

@Article{Ohl:1995kr,
    author    = "Ohl, Thorsten",
    title     = "{Drawing Feynman diagrams with Latex and Metafont}",
    journal   = "Comput. Phys. Commun.",
    volume    = "90",
    year      = "1995",
    pages     = "340--354",
    eprint    = "hep-ph/9505351",
    archivePrefix = "arXiv",
    doi       = "10.1016/0010-4655(95)90137-S",
    SLACcitation  = "%%CITATION = HEP-PH/9505351;%%"
}

@article{Reiter:2009kb,
   author         = "Reiter, Thomas",
   title          = "{Automated Evaluation of One-Loop Six-Point Processes for
                      the LHC}",
   year           = "2009",
   eprint         = "0903.0947",
   archivePrefix  = "arXiv",
   primaryClass   = "hep-ph",
}

@article{Reiter:2009ts,
    author         = "Reiter, Thomas",
    title          = "{Optimising Code Generation with haggies}",
    journal        = "Comput.Phys.Commun.",
    volume         = "181",
    pages          = "1301-1331",
    doi            = "10.1016/j.cpc.2010.01.012",
    year           = "2010",
    eprint         = "0907.3714",
    archivePrefix  = "arXiv",
    primaryClass   = "hep-ph",
}

@BOOK{Boehm:2001,
  title = {Gauge Theories of the Strong and Electroweak Interaction},
  publisher = {Teubner},
  year = {2001},
  author = {B{\"o}hm, Manfred and Denner, Ansgar and Joos, Hans},
  address = {Stuttgart and Leipzig and Wiesbaden},
  edition = {3rd}
}

@article{Cullen:2011kv,
   author         = "Cullen, G. and Guillet, J.Ph. and Heinrich, G. and
                     Kleinschmidt, T. and Pilon, E. and others",
   title          = "{Golem95C: A library for one-loop integrals with complex
                      masses}",
   journal        = "Comput.Phys.Commun.",
   volume         = "182",
   pages          = "2276-2284",
   doi            = "10.1016/j.cpc.2011.05.015",
   year           = "2011",
   eprint         = "1101.5595",
   archivePrefix  = "arXiv",
   primaryClass   = "hep-ph",
}


@ARTICLE{Golem95:2008,
  author    = "Binoth, T. and Guillet, J. -Ph. and Heinrich, G. and Pilon,
               E. and Reiter, T.",
  title     = "{Golem95: a numerical program to calculate one-loop tensor
                integrals with up to six external legs}",
  journal   = "Comput. Phys. Commun.",
  volume    = "180",
  year      = "2009",
  pages     = "2317--2330",
  eprint    = "0810.0992",
  archivePrefix = "arXiv",
  primaryClass  =  "hep-ph",
  doi       = "10.1016/j.cpc.2009.06.024",
  SLACcitation  = "%%CITATION = 0810.0992;%%"
}

@article{Binoth:2010xt,
   author         = "Binoth, T. and Boudjema, F. and Dissertori, G. and
                        Lazopoulos, A. and Denner, A. and others",
   title          = "{A Proposal for a standard interface between Monte Carlo
                        tools and one-loop programs}",
   journal        = "Comput.Phys.Commun.",
   volume         = "181",
   pages          = "1612-1622",
   doi            = "10.1016/j.cpc.2010.05.016",
   year           = "2010",
   note           = "Dedicated to the memory of, and in tribute to, Thomas
                     Binoth, who led the effort to develop this proposal for
                     Les Houches 2009",
   eprint         = "1001.1307",
   archivePrefix  = "arXiv",
   primaryClass   = "hep-ph",
}

@Article{Fleischer:2010sq,
    author    = "Fleischer, J. and Riemann, T.",
    title     = "{A complete algebraic reduction of one-loop tensor Feynman
                  integrals}",
    journal   = "Phys. Rev.",
    volume    = "D83",
    year      = "2011",
    pages     = "073004",
    eprint    = "1009.4436",
    archivePrefix = "arXiv",
    primaryClass  =  "hep-ph",
    doi       = "10.1103/PhysRevD.83.073004",
    SLACcitation  = "%%CITATION = 1009.4436;%%"
}

@PHDThesis{Yundin:2011,
    author    = "Valery Yundin",
    title     = "*** Working Title ***",
    school    = "DESY Zeuthen",
    year      = "2011",
    note      = "PhD thesis"
}
@article{Degrande:2011ua,
      author         = "Degrande, Celine and Duhr, Claude and Fuks, Benjamin and
                        Grellscheid, David and Mattelaer, Olivier and others",
      title          = "{UFO - The Universal FeynRules Output}",
      year           = "2011",
      note           = "* Temporary entry *",
      eprint         = "1108.2040",
      archivePrefix  = "arXiv",
      primaryClass   = "hep-ph",
}
@article{Semenov:2010qt,
      author         = "Semenov, A.",
      title          = "{LanHEP - a package for automatic generation of Feynman
                        rules from the Lagrangian. Updated version 3.1}",
      year           = "2010",
      eprint         = "1005.1909",
      archivePrefix  = "arXiv",
      primaryClass   = "hep-ph",
}
@article{Ossola:2008xq,
   author         = "Ossola, Giovanni and Papadopoulos, Costas G. and Pittau,
                     Roberto",
   title          = "{On the Rational Terms of the one-loop amplitudes}",
   journal        = "JHEP",
   volume         = "0805",
   pages          = "004",
   doi            = "10.1088/1126-6708/2008/05/004",
   year           = "2008",
   eprint         = "0802.1876",
   archivePrefix  = "arXiv",
   primaryClass   = "hep-ph",
}

